<record><leader>00000cas a2200000 a 4500</leader><controlfield tag="001">36174508</controlfield><controlfield tag="008">970108d186418uunyuwr ne      0    0eng c</controlfield><datafield ind1=" " ind2=" " tag="010"><subfield code="a">sn 96094957 </subfield></datafield><datafield ind1=" " ind2=" " tag="040"><subfield code="a">NVK</subfield><subfield code="b">eng</subfield><subfield code="c">NVK</subfield><subfield code="d">OCLCQ</subfield><subfield code="d">NYS</subfield><subfield code="d">OCLCQ</subfield><subfield code="d">OCLCO</subfield></datafield><datafield ind1="1" ind2=" " tag="029"><subfield code="a">AU@</subfield><subfield code="b">000013023342</subfield></datafield><datafield ind1=" " ind2=" " tag="042"><subfield code="a">pcc</subfield></datafield><datafield ind1=" " ind2=" " tag="043"><subfield code="a">n-us-ny</subfield></datafield><datafield ind1="0" ind2="0" tag="245"><subfield code="a">Staten Island journal.</subfield></datafield><datafield ind1=" " ind2=" " tag="260"><subfield code="a">Stapleton, Staten Island (N.Y.) :</subfield><subfield code="b">E.C. Hull</subfield></datafield><datafield ind1=" " ind2=" " tag="300"><subfield code="a">v. :</subfield><subfield code="b">ill. ;</subfield><subfield code="c">55 cm.</subfield></datafield><datafield ind1=" " ind2=" " tag="310"><subfield code="a">Weekly</subfield></datafield><datafield ind1="1" ind2=" " tag="362"><subfield code="a">Began in 1864.</subfield></datafield><datafield ind1=" " ind2=" " tag="500"><subfield code="a">Democrat newspapers.</subfield></datafield><datafield ind1=" " ind2=" " tag="588"><subfield code="a">Description based on: Vol. 2, no. 14 (May 30, 1865).</subfield></datafield><datafield ind1=" " ind2="0" tag="651"><subfield code="a">Stapleton (New York, N.Y.)</subfield><subfield code="v">Newspapers.</subfield></datafield><datafield ind1=" " ind2="0" tag="651"><subfield code="a">Staten Island (New York, N.Y.)</subfield><subfield code="v">Newspapers.</subfield></datafield><datafield ind1=" " ind2="0" tag="651"><subfield code="a">Richmond County (N.Y.)</subfield><subfield code="v">Newspapers.</subfield></datafield><datafield ind1=" " ind2=" " tag="752"><subfield code="a">United States</subfield><subfield code="b">New York</subfield><subfield code="c">Richmond</subfield><subfield code="d">Stapleton.</subfield></datafield><datafield ind1=" " ind2=" " tag="752"><subfield code="a">United States</subfield><subfield code="b">New York</subfield><subfield code="c">Richmond</subfield><subfield code="d">Staten Island.</subfield></datafield></record>